<record><leader>00000cas a22000007a 4500</leader><controlfield tag="001">12859694</controlfield><controlfield tag="008">851202d1891189uwvudr ne      0    0eng d</controlfield><datafield ind1=" " ind2=" " tag="010"><subfield code="a">sn 85059721 </subfield></datafield><datafield ind1=" " ind2=" " tag="040"><subfield code="a">WVC</subfield><subfield code="b">eng</subfield><subfield code="c">WVC</subfield><subfield code="d">OCL</subfield><subfield code="d">OCLCQ</subfield></datafield><datafield ind1="0" ind2=" " tag="130"><subfield code="a">Daily morning sun (Clarksburg, W. Va.)</subfield></datafield><datafield ind1="1" ind2="4" tag="245"><subfield code="a">The daily morning sun.</subfield></datafield><datafield ind1=" " ind2=" " tag="260"><subfield code="a">Clarksburg, W. Va. :</subfield><subfield code="b">Matt M. Cooper</subfield></datafield><datafield ind1=" " ind2=" " tag="300"><subfield code="a">v.</subfield></datafield><datafield ind1=" " ind2=" " tag="310"><subfield code="a">Daily</subfield></datafield><datafield ind1="1" ind2=" " tag="362"><subfield code="a">Began in 1891.</subfield></datafield><datafield ind1="1" ind2=" " tag="362"><subfield code="a">Ceased by 1895.</subfield><subfield code="z">Cf. W. Va. State Gazetteer.</subfield></datafield><datafield ind1=" " ind2=" " tag="500"><subfield code="a">Possibly preceded by: Old Guard, published by Cooper in 1891.</subfield></datafield><datafield ind1=" " ind2=" " tag="588"><subfield code="a">Description based on: Vol. 1, no. 48 (Feb. 3, 1892).</subfield></datafield><datafield ind1=" " ind2=" " tag="752"><subfield code="a">United States</subfield><subfield code="b">West Virginia</subfield><subfield code="c">Harrison</subfield><subfield code="d">Clarksburg.</subfield></datafield></record>